<record><leader>00000cas a22000007a 4500</leader><controlfield tag="001">19822762</controlfield><controlfield tag="008">890606d18871907mouwr ne      0    0eng d</controlfield><datafield ind1=" " ind2=" " tag="010"><subfield code="a">sn 89066339 </subfield></datafield><datafield ind1=" " ind2=" " tag="040"><subfield code="a">MQN</subfield><subfield code="b">eng</subfield><subfield code="c">MQN</subfield><subfield code="d">OCLCQ</subfield></datafield><datafield ind1=" " ind2=" " tag="042"><subfield code="a">msc</subfield></datafield><datafield ind1="0" ind2=" " tag="130"><subfield code="a">Grundy County gazette (Spickard, Mo. : 1887)</subfield></datafield><datafield ind1="1" ind2="0" tag="245"><subfield code="a">Grundy County gazette.</subfield></datafield><datafield ind1=" " ind2=" " tag="260"><subfield code="a">Spickard, Mo. :</subfield><subfield code="b">Sanders &amp; Sanders,</subfield><subfield code="c">-1907.</subfield></datafield><datafield ind1=" " ind2=" " tag="300"><subfield code="a">v.</subfield></datafield><datafield ind1=" " ind2=" " tag="310"><subfield code="a">Weekly</subfield></datafield><datafield ind1="1" ind2=" " tag="362"><subfield code="a">Began in 1887?</subfield></datafield><datafield ind1="0" ind2=" " tag="362"><subfield code="a">-v. 20, no. 27 (Apr. 18, 1907) = -whole no. 1060.</subfield></datafield><datafield ind1=" " ind2=" " tag="588"><subfield code="a">Description based on: Vol. 13, no. 14 (July 31, 1901) = whole no. 712.</subfield></datafield><datafield ind1=" " ind2=" " tag="752"><subfield code="a">United States</subfield><subfield code="b">Missouri</subfield><subfield code="c">Grundy</subfield><subfield code="d">Spickard.</subfield></datafield><datafield ind1="0" ind2="7" tag="785"><subfield code="t">Spickard herald</subfield></datafield><datafield ind1="0" ind2="7" tag="785"><subfield code="t">Spickard herald and Grundy County gazette</subfield><subfield code="w">(DLC)sn 89066340</subfield></datafield></record>